<record xmlns="http://www.loc.gov/MARC21/slim" xmlns:xsi="http://www.w3.org/2001/XMLSchema-instance" xsi:schemaLocation="http://www.loc.gov/MARC21/slim http://www.loc.gov/standards/marcxml/schema/MARC21slim.xsd"><leader>00621cz   2200169n  4500</leader><controlfield tag="001">oca00729756 </controlfield><controlfield tag="005">20031209181525.0</controlfield><controlfield tag="008">820413n| acannaab           |a aaa      </controlfield><datafield ind1=" " ind2=" " tag="010"><subfield code="a">n  82032653 </subfield></datafield><datafield ind1=" " ind2=" " tag="040"><subfield code="a">DLC</subfield><subfield code="c">DLC</subfield><subfield code="d">DLC</subfield></datafield><datafield ind1="0" ind2=" " tag="100"><subfield code="a">Aeschines</subfield></datafield><datafield ind1="0" ind2=" " tag="400"><subfield code="a">AischineÌ&#x84;s</subfield></datafield><datafield ind1="0" ind2=" " tag="400"><subfield code="a">Eschine</subfield></datafield><datafield ind1=" " ind2=" " tag="670"><subfield code="a">Scholia in Aeschinem, 1992:</subfield><subfield code="b">t.p. (Aeschinem)</subfield></datafield><datafield ind1=" " ind2=" " tag="670"><subfield code="a">Columbia encyc.</subfield><subfield code="b">(Aeschines, c. 390-314? B.C., Athenian orator, rival of Demosthenes)</subfield></datafield><datafield ind1=" " ind2=" " tag="670"><subfield code="a">Oxford classical dict.</subfield><subfield code="b">(Aeschines (c. 390-after 330 B.C.). the orator, son of Atrometus)</subfield></datafield><datafield ind1=" " ind2=" " tag="670"><subfield code="a">MegaleÌ&#x84; Hell. enk. enk.</subfield><subfield code="b">(AischineÌ&#x84;s, Athenian orator, b. 389)</subfield></datafield></record>